@book{@PFPL,
    author = {Robert Harper},
    title = {Practical Foundations for Programming Languages},
    year = {2016}
}
